@article{diffie1976new,
  title={New directions in cryptography},
  author={Diffie, Whitfield and Hellman, Martin},
  journal={IEEE transactions on Information Theory},
  volume={22},
  number={6},
  pages={644--654},
  year={1976},
  publisher={IEEE},
}

@article{wiedemann1986solving,
  title={Solving sparse linear equations over finite fields},
  author={Wiedemann, Douglas},
  journal={IEEE transactions on information theory},
  volume={32},
  number={1},
  pages={54--62},
  year={1986},
  publisher={IEEE}
}

@article{gordon1993discrete,
  title={Discrete Logarithms in GF(P) Using the Number Field Sieve},
  author={Gordon, Daniel M},
  journal={SIAM Journal on Discrete Mathematics},
  volume={6},
  number={1},
  pages={124--138},
  year={1993},
  publisher={SIAM}
}

@inproceedings{van1996diffie,
  title={On Diffie-Hellman key agreement with short exponents},
  author={Van Oorschot, Paul C and Wiener, Michael J},
  booktitle={International Conference on the Theory and Applications of Cryptographic Techniques},
  pages={332--343},
  year={1996},
  organization={Springer}
}

@article{joux2003improvements,
  title={Improvements to the general number field sieve for discrete logarithms in prime fields. A comparison with the Gaussian integer method},
  author={Joux, Antoine and Lercier, Reynald},
  journal={Mathematics of computation},
  volume={72},
  number={242},
  pages={953--967},
  year={2003}
}

@article{dierks2008transport,
  title={The transport layer security (TLS) protocol version 1.2},
  author={Dierks, Tim},
  year={2008}
}

@inproceedings{Adrian:2015:IFS:2810103.2813707,
 author = {Adrian, David and Bhargavan, Karthikeyan and Durumeric, Zakir and Gaudry, Pierrick and Green, Matthew and Halderman, J. Alex and Heninger, Nadia and Springall, Drew and Thom{\'e}, Emmanuel and Valenta, Luke and VanderSloot, Benjamin and Wustrow, Eric and Zanella-B{\'e}guelin, Santiago and Zimmermann, Paul},
 title = {Imperfect Forward Secrecy: How Diffie-Hellman Fails in Practice},
 booktitle = {Proceedings of the 22Nd ACM SIGSAC Conference on Computer and Communications Security},
 series = {CCS '15},
 year = {2015},
 isbn = {978-1-4503-3832-5},
 location = {Denver, Colorado, USA},
 pages = {5--17},
 numpages = {13},
 url = {http://doi.acm.org/10.1145/2810103.2813707},
 doi = {10.1145/2810103.2813707},
 acmid = {2813707},
 publisher = {ACM},
 address = {New York, NY, USA},
 keywords = {Diffie-Hellman, internet measurement, logjam, number field sieve, vulnerabilities},
}